
@misc{noauthor_start_2018,
	title = {Start the {NHS} weight loss plan},
	url = {https://www.nhs.uk/live-well/healthy-weight/start-the-nhs-weight-loss-plan/},
	abstract = {Develop healthier eating habits and get more active with the free NHS-approved 12-week weight loss plan.},
	language = {en},
	urldate = {2019-10-30},
	journal = {nhs.uk},
	month = apr,
	year = {2018},
	file = {Snapshot:/Users/jf/Zotero/storage/ZQ3VTVSX/start-the-nhs-weight-loss-plan.html:text/html}
}

@article{noauthor_how_nodate,
	title = {How do {I} control my blood pressure? {Lifestyle} options and choice of medicines patient decision aid},
	language = {en},
	pages = {10},
	file = {How do I control my blood pressure Lifestyle opti.pdf:/Users/jf/Zotero/storage/9KI5GL4T/How do I control my blood pressure Lifestyle opti.pdf:application/pdf}
}

@misc{noauthor_start_nodate,
	title = {Start the {NHS} weight loss plan - {NHS}},
	url = {https://www.nhs.uk/live-well/healthy-weight/start-the-nhs-weight-loss-plan/},
	urldate = {2019-10-30},
	file = {Start the NHS weight loss plan - NHS:/Users/jf/Zotero/storage/WQZTFXA5/start-the-nhs-weight-loss-plan.html:text/html}
}

@misc{noauthor_positive_nodate,
	title = {Positive {Beurteilung} - {Handgelenkmessung} - {Aktiv} gegen {Bluthochdruck}},
	url = {https://www.hochdruckliga.de/positive-beurteilung-handgelenkmessung.html},
	abstract = {Bisher wurde die Blutdruckmessung am Handgelenk von Experten eher kritisch beurteilt. Doch Tests haben gezeigt: Gute Geräte messen den Blutdruck am Handgelenk ebenso zuverlässig wie Oberarmgeräte.},
	language = {de},
	urldate = {2019-10-31},
	file = {Snapshot:/Users/jf/Zotero/storage/V6YKKILB/positive-beurteilung-handgelenkmessung.html:text/html}
}

@misc{noauthor_richtig_nodate,
	title = {Richtig {Blutdruck} messen - so geht's!},
	url = {https://www.beurer.com/microsite/blutdruck/wissen/richtig-messen.php},
	urldate = {2019-10-31},
	file = {Richtig Blutdruck messen - so geht's!:/Users/jf/Zotero/storage/TMCE3M39/richtig-messen.html:text/html}
}

@misc{noauthor_diabetes_nodate,
	title = {Diabetes – was ist das eigentlich? {\textbar} {Deutsche} {Diabetes} {Stiftung}},
	url = {https://www.diabetesstiftung.de/diabetes-was-ist-das-eigentlich},
	urldate = {2019-11-01},
	file = {Diabetes – was ist das eigentlich? | Deutsche Diabetes Stiftung:/Users/jf/Zotero/storage/4V3WJ8TT/diabetes-was-ist-das-eigentlich.html:text/html}
}

@misc{noauthor_herzrhythmusstorungen:_nodate,
	title = {Herzrhythmusstörungen: {Was} man wissen muss},
	shorttitle = {Herzrhythmusstörungen},
	url = {https://www.netdoktor.de/krankheiten/herzrhythmusstoerungen/},
	abstract = {Bei einer Herzrhythmusstörung wird die normale Herzfrequenz durch verschiedene Ursachen gestört. Lesen Sie alles darüber.},
	language = {de},
	urldate = {2019-11-01},
	journal = {NetDoktor},
	file = {Snapshot:/Users/jf/Zotero/storage/9BHQS62R/herzrhythmusstoerungen.html:text/html}
}

@misc{noauthor_how_nodate-1,
	title = {How to check blood pressure by hand: {Methods} and tips},
	shorttitle = {How to check blood pressure by hand},
	url = {https://www.medicalnewstoday.com/articles/321429.php},
	abstract = {It is common to have your blood pressure checked at the doctor's office, but there are many cases where it is important to monitor it at home. It is easy to check blood pressure with an automated machine, but it can also be done manually at home. Learn how to check your own blood pressure and what the results mean.},
	language = {en},
	urldate = {2019-11-08},
	journal = {Medical News Today},
	file = {Snapshot:/Users/jf/Zotero/storage/2V5VW9KF/321429.html:text/html}
}

@misc{noauthor_blutdruck_nodate,
	title = {Blutdruck {Normalwerte} {\textbar} {Herzlexikon} {\textbar} {BlutdruckDaten}},
	url = {https://www.blutdruckdaten.de/lexikon/blutdruck-normalwerte.html},
	urldate = {2019-11-08},
	file = {Blutdruck Normalwerte | Herzlexikon | BlutdruckDaten:/Users/jf/Zotero/storage/R9EBCRFR/blutdruck-normalwerte.html:text/html}
}

@misc{noauthor_richtig_nodate-1,
	title = {Richtig {Blutdruck} messen - {Aktiv} gegen {Bluthochdruck}},
	url = {https://www.hochdruckliga.de/richtig-blutdruck-messen.html},
	abstract = {Die Blutdruck-Selbstmessung ist für Hypertoniker ein wichtiger Beitrag zur Behandlung ihrer Krankheit. Doch nur richtiges Messen bringt richtige Werte. Bluthochdruck ? - Die Deutsche Hochdruckliga e.V. DHL® bietet Informationen für Betroffene und Ärzte an.},
	language = {de},
	urldate = {2019-11-09},
	file = {Snapshot:/Users/jf/Zotero/storage/DPLRZDD7/richtig-blutdruck-messen.html:text/html}
}

@misc{noauthor_blutdruckmessung_nodate,
	title = {Blutdruckmessung - so geht es},
	url = {https://www.tk.de/techniker/gesundheit-und-medizin/behandlungen-und-medizin/herz-kreislauf-erkrankungen/blutdruckmessung-2015794},
	abstract = {Blutdruckmessung ist zur Vorbeugung von KHK wichtig: Bluthochdruck-Patienten sollten auf normale Blutdruckwerte achten.},
	language = {de-DE},
	urldate = {2019-11-22},
	journal = {Die Techniker},
	file = {Snapshot:/Users/jf/Zotero/storage/8AD2QY3I/blutdruckmessung-2015794.html:text/html}
}

@misc{hochdruckliga,
	title = {Bluthochdruck vermeiden, behandeln und senken - {Aktiv} gegen {Bluthochdruck}},
	url = {https://www.hochdruckliga.de/},
	abstract = {Bluthochdruck-Informationen für Betroffene und Ärzte auf der Homepage der Deutschen Hochdruckliga e.V. DHL®},
	language = {de},
	urldate = {2019-11-23},
	file = {Snapshot:/Users/jf/Zotero/storage/WJGV8NXF/www.hochdruckliga.de.html:text/html}
}



@article{maranzano_architecture_2005,
	title = {Architecture reviews: practice and experience},
	volume = {22},
	issn = {1937-4194},
	shorttitle = {Architecture reviews},
	doi = {10.1109/MS.2005.28},
	journal = {IEEE Software},
	author = {Maranzano, J.F. and Rozsypal, S.A. and Zimmerman, G.H. and Warnken, G.W. and Wirth, P.E. and Weiss, D.M.},
	month = mar,
	year = {2005},
	pages = {34--43},
	file = {IEEE Xplore Abstract Record:/Users/jf/Zotero/storage/7IMBLR8F/1407824.html:text/html;IEEE Xplore Full Text PDF:/Users/jf/Zotero/storage/J5Y82KSK/Maranzano et al. - 2005 - Architecture reviews practice and experience.pdf:application/pdf}
}

@inproceedings{smolander_four_2002,
	title = {Four metaphors of architecture in software organizations: finding out the meaning of architecture in practice},
	shorttitle = {Four metaphors of architecture in software organizations},
	doi = {10.1109/ISESE.2002.1166942},
	booktitle = {Proceedings {International} {Symposium} on {Empirical} {Software} {Engineering}},
	author = {Smolander, K.},
	month = oct,
	year = {2002},
	note = {ISSN: null},
	file = {IEEE Xplore Abstract Record:/Users/jf/Zotero/storage/JFQP9BQV/1166942.html:text/html;IEEE Xplore Full Text PDF:/Users/jf/Zotero/storage/Q4FNELF4/Smolander - 2002 - Four metaphors of architecture in software organiz.pdf:application/pdf}
}

@misc{noauthor_smartphone_nodate,
	title = {Smartphone {Technology} and {Apps}: {Rapidly} {Changing} {Health} {Promotion} - {ProQuest}},
	shorttitle = {Smartphone {Technology} and {Apps}},
	url = {https://search.proquest.com/openview/19a59611fd911e6790494f8b965aeef8/1?pq-origsite=gscholar&cbl=2037372},
	language = {de},
	urldate = {2019-12-27},
	file = {Snapshot:/Users/jf/Zotero/storage/WPZE7DXG/1.html:text/html}
}

@article{moglia_evaluation_2016,
	title = {Evaluation of {Smartphone} {Menstrual} {Cycle} {Tracking} {Applications} {Using} an {Adapted} {APPLICATIONS} {Scoring} {System}},
	volume = {127},
	issn = {0029-7844},
	url = {https://journals.lww.com/greenjournal/FullText/2016/06000/Evaluation_of_Smartphone_Menstrual_Cycle_Tracking.24.aspx},
	doi = {10.1097/AOG.0000000000001444},
	language = {en-US},
	number = {6},
	urldate = {2019-12-27},
	journal = {Obstetrics \& Gynecology},
	author = {Moglia, Michelle L. and Nguyen, Henry V. and Chyjek, Kathy and Chen, Katherine T. and Castaño, Paula M.},
	month = jun,
	year = {2016},
	pages = {1153},
	file = {Snapshot:/Users/jf/Zotero/storage/WRTZX9LJ/Evaluation_of_Smartphone_Menstrual_Cycle_Tracking.24.html:text/html;Submitted Version:/Users/jf/Zotero/storage/NWGCARYD/Moglia et al. - 2016 - Evaluation of Smartphone Menstrual Cycle Tracking .pdf:application/pdf}
}

@inproceedings{zimmermann,
	title = {Towards {Service}-{Oriented} {Enterprise} {Architectures} for {Big} {Data} {Applications} in the {Cloud}},
	doi = {10.1109/EDOCW.2013.21},
	booktitle = {2013 17th {IEEE} {International} {Enterprise} {Distributed} {Object} {Computing} {Conference} {Workshops}},
	author = {Zimmermann, Alfred and Pretz, Michael and Zimmermann, Gertrud and Firesmith, Donald G. and Petrov, Ilia and El-Sheikh, Eman},
	month = sep,
	year = {2013},
	note = {ISSN: 2325-6605},
	pages = {130--135},
	file = {IEEE Xplore Abstract Record:/Users/jf/Zotero/storage/KF3UWHJC/6690543.html:text/html;IEEE Xplore Full Text PDF:/Users/jf/Zotero/storage/PGHW6S28/Zimmermann et al. - 2013 - Towards Service-Oriented Enterprise Architectures .pdf:application/pdf}
}

@inproceedings{madhu_novel_2017,
	title = {A novel approach for medical assistance using trained chatbot},
	doi = {10.1109/ICICCT.2017.7975195},
	booktitle = {2017 {International} {Conference} on {Inventive} {Communication} and {Computational} {Technologies} ({ICICCT})},
	author = {Madhu, Divya and Jain, C. J. Neeraj and Sebastain, Elmy and Shaji, Shinoy and Ajayakumar, Anandhu},
	month = mar,
	year = {2017},
	note = {ISSN: null},
	pages = {243--246},
	file = {IEEE Xplore Abstract Record:/Users/jf/Zotero/storage/WE79ZCSE/7975195.html:text/html;IEEE Xplore Full Text PDF:/Users/jf/Zotero/storage/LTI5J4SY/Madhu et al. - 2017 - A novel approach for medical assistance using trai.pdf:application/pdf}
}

@inproceedings{zini,
	title = {Towards {A} {Deep} {Learning} {Question}-{Answering} {Specialized} {Chatbot} for {Objective} {Structured} {Clinical} {Examinations}},
	doi = {10.1109/IJCNN.2019.8851729},
	booktitle = {2019 {International} {Joint} {Conference} on {Neural} {Networks} ({IJCNN})},
	author = {Zini, Julia El and Rizk, Yara and Awad, Mariette and Antoun, Jumana},
	month = jul,
	year = {2019},
	note = {ISSN: 2161-4393},
	pages = {1--9},
	file = {IEEE Xplore Abstract Record:/Users/jf/Zotero/storage/EZVGA529/8851729.html:text/html;IEEE Xplore Full Text PDF:/Users/jf/Zotero/storage/6CGZ3VVY/Zini et al. - 2019 - Towards A Deep Learning Question-Answering Special.pdf:application/pdf}
}

@inproceedings{zini_towards_2019-1,
	title = {Towards {A} {Deep} {Learning} {Question}-{Answering} {Specialized} {Chatbot} for {Objective} {Structured} {Clinical} {Examinations}},
	doi = {10.1109/IJCNN.2019.8851729},
	booktitle = {2019 {International} {Joint} {Conference} on {Neural} {Networks} ({IJCNN})},
	author = {Zini, Julia El and Rizk, Yara and Awad, Mariette and Antoun, Jumana},
	month = jul,
	year = {2019},
	note = {ISSN: 2161-4393},
	pages = {1--9},
	file = {IEEE Xplore Abstract Record:/Users/jf/Zotero/storage/9LKEMPKB/8851729.html:text/html;IEEE Xplore Full Text PDF:/Users/jf/Zotero/storage/SXQXB72Y/Zini et al. - 2019 - Towards A Deep Learning Question-Answering Special.pdf:application/pdf}
}

@inproceedings{talukder,
	title = {Proof of {Disease}: {A} {Blockchain} {Consensus} {Protocol} for {Accurate} {Medical} {Decisions} and {Reducing} the {Disease} {Burden}},
	shorttitle = {Proof of {Disease}},
	doi = {10.1109/SmartWorld.2018.00079},
	booktitle = {2018 {IEEE} {SmartWorld}, {Ubiquitous} {Intelligence} {Computing}, {Advanced} {Trusted} {Computing}, {Scalable} {Computing} {Communications}, {Cloud} {Big} {Data} {Computing}, {Internet} of {People} and {Smart} {City} {Innovation} ({SmartWorld}/{SCALCOM}/{UIC}/{ATC}/{CBDCom}/{IOP}/{SCI})},
	author = {Talukder, Asoke K and Chaitanya, Manish and Arnold, David and Sakurai, Kouichi},
	month = oct,
	year = {2018},
	note = {ISSN: null},
	pages = {257--262},
	file = {IEEE Xplore Abstract Record:/Users/jf/Zotero/storage/U7QVJJWL/8560057.html:text/html;IEEE Xplore Full Text PDF:/Users/jf/Zotero/storage/Y2LN8IQY/Talukder et al. - 2018 - Proof of Disease A Blockchain Consensus Protocol .pdf:application/pdf}
}

@inproceedings{akhtar,
	title = {The {Potential} of {Chatbots}: {Analysis} of {Chatbot} {Conversations}},
	volume = {01},
	shorttitle = {The {Potential} of {Chatbots}},
	doi = {10.1109/CBI.2019.00052},
	booktitle = {2019 {IEEE} 21st {Conference} on {Business} {Informatics} ({CBI})},
	author = {Akhtar, Mubashra and Neidhardt, Julia and Werthner, Hannes},
	month = jul,
	year = {2019},
	note = {ISSN: 2378-1963},
	pages = {397--404},
	file = {IEEE Xplore Abstract Record:/Users/jf/Zotero/storage/FWW9MDV6/8808076.html:text/html;IEEE Xplore Full Text PDF:/Users/jf/Zotero/storage/3948VI2N/Akhtar et al. - 2019 - The Potential of Chatbots Analysis of Chatbot Con.pdf:application/pdf}
}

@inproceedings{bozzon_enterprise_2018,
	title = {Enterprise {Crowd} {Computing} for {Human} {Aided} {Chatbots}},
	booktitle = {2018 {IEEE}/{ACM} 1st {International} {Workshop} on {Software} {Engineering} for {Cognitive} {Services} ({SE}4COG)},
	author = {Bozzon, Alessandro},
	month = may,
	year = {2018},
	note = {ISSN: null},
	pages = {29--30},
	file = {IEEE Xplore Abstract Record:/Users/jf/Zotero/storage/ESURZSJQ/8452786.html:text/html;IEEE Xplore Full Text PDF:/Users/jf/Zotero/storage/E2HPVMJN/Bozzon - 2018 - Enterprise Crowd Computing for Human Aided Chatbot.pdf:application/pdf}
}

@article{lupton_apps,
	title = {Apps as {Artefacts}: {Towards} a {Critical} {Perspective} on {Mobile} {Health} and {Medical} {Apps}},
	volume = {4},
	copyright = {http://creativecommons.org/licenses/by/3.0/},
	shorttitle = {Apps as {Artefacts}},
	url = {https://www.mdpi.com/2075-4698/4/4/606},
	doi = {10.3390/soc4040606},
	language = {en},
	number = {4},
	urldate = {2019-12-27},
	journal = {Societies},
	author = {Lupton, Deborah},
	month = dec,
	year = {2014},
	pages = {606--622},
	file = {Full Text PDF:/Users/jf/Zotero/storage/4KU3RSNQ/Lupton - 2014 - Apps as Artefacts Towards a Critical Perspective .pdf:application/pdf;Snapshot:/Users/jf/Zotero/storage/JMT54R5M/htm.html:text/html}
}

@article{lupton_mhealth,
	title = {M-health and health promotion: {The} digital cyborg and surveillance society},
	volume = {10},
	issn = {1477-8211, 1477-822X},
	shorttitle = {M-health and health promotion},
	url = {http://link.springer.com/10.1057/sth.2012.6},
	doi = {10.1057/sth.2012.6},
	language = {en},
	number = {3},
	urldate = {2019-12-27},
	journal = {Social Theory \& Health},
	author = {Lupton, Deborah},
	month = aug,
	year = {2012},
	pages = {229--244},
	file = {Lupton - 2012 - M-health and health promotion The digital cyborg .pdf:/Users/jf/Zotero/storage/RWCTFJXV/Lupton - 2012 - M-health and health promotion The digital cyborg .pdf:application/pdf}
}


@article{kawohl,
	title = {Customer {Service} 4.0 - {Wie} gut sind {Chatbots}?},
	language = {de},
	author = {Kawohl, Dr Julian M and Haß, Stefanie},
	pages = {30},
	url = {https://www.heise.de/downloads/18/2/5/4/1/3/4/2/Studie_chatbots.pdf},
	urldate = {2019-01-01},
	file = {Kawohl und Haß - Customer Service 4.0 - Wie gut sind Chatbots.pdf:/Users/jf/Zotero/storage/CYNUWV26/Kawohl und Haß - Customer Service 4.0 - Wie gut sind Chatbots.pdf:application/pdf}
}


@book{white_blood_2007,
	address = {Totowa, N.J.},
	title = {Blood pressure monitoring in cardiovsacular medicine and therapeutics},
	isbn = {978-1-58829-512-5},
	url = {http://www.springerlink.com/openurl.asp?genre=book&isbn=978-1-58829-512-5},
	language = {en},
	urldate = {2020-01-03},
	publisher = {Humana Press},
	author = {White, William B},
	year = {2007},
	note = {OCLC: 915957468},
	file = {White - 2007 - Blood pressure monitoring in cardiovsacular medici.pdf:/Users/jf/Zotero/storage/EDGRCC7C/White - 2007 - Blood pressure monitoring in cardiovsacular medici.pdf:application/pdf}
}

@article{beevers_blood_2001,
	title = {Blood pressure measurement},
	volume = {322},
	issn = {0959-8138},
	url = {https://www.ncbi.nlm.nih.gov/pmc/articles/PMC1120188/},
	number = {7293},
	urldate = {2020-01-03},
	journal = {BMJ : British Medical Journal},
	author = {Beevers, Gareth and Lip, Gregory Y H and O'Brien, Eoin},
	month = apr,
	year = {2001},
	pmid = {11325773},
	pmcid = {PMC1120188},
	pages = {1043--1047},
	file = {PubMed Central Full Text PDF:/Users/jf/Zotero/storage/P5FA7XKP/Beevers et al. - 2001 - Blood pressure measurement.pdf:application/pdf}
}


@article{alessa,
	title = {Smartphone {Apps} to {Support} {Self}-{Management} of {Hypertension}: {Review} and {Content} {Analysis}},
	volume = {7},
	issn = {2291-5222},
	shorttitle = {Smartphone {Apps} to {Support} {Self}-{Management} of {Hypertension}},
	url = {https://www.ncbi.nlm.nih.gov/pmc/articles/PMC6658295/},
	doi = {10.2196/13645},
	number = {5},
	urldate = {2020-01-05},
	journal = {JMIR mHealth and uHealth},
	author = {Alessa, Tourkiah and Hawley, Mark S and Hock, Emma S and de Witte, Luc},
	month = may,
	year = {2019},
	pmid = {31140434},
	pmcid = {PMC6658295},
	file = {Volltext:/Users/jf/Zotero/storage/9CACJX62/Alessa et al. - 2019 - Smartphone Apps to Support Self-Management of Hype.pdf:application/pdf}
}


@misc{wa_docu,
	title = {Übersicht über die {Watson} {Assistant}-{API}},
	url = {https://cloud.ibm.com/docs/services/assistant?topic=assistant-api-overview},
	urldate = {2020-01-10},
	file = {Übersicht über die Watson Assistant-API:/Users/jf/Zotero/storage/UU5LW3S8/assistant.html:text/html}
}

@misc{wa_api_v2,
	title = {Watson {Assistant} v2 - {IBM} {Cloud} {API} {Docs}},
	url = {https://cloud.ibm.com/apidocs/assistant/assistant-v2},
	urldate = {2020-01-10},
	file = {Watson Assistant v2 - IBM Cloud API Docs:/Users/jf/Zotero/storage/8P9LEV8Z/assistant-v2.html:text/html}
}


@misc{kaggle,
	title = {Cardiovascular {Disease} dataset},
	url = {https://kaggle.com/sulianova/cardiovascular-disease-dataset},
	abstract = {The dataset consists of 70 000 records of patients data, 11 features + target.},
	language = {en},
	urldate = {2020-01-19},
	file = {Snapshot:/Users/jf/Zotero/storage/P2ILE39R/data.html:text/html}
}

@misc{decision_tree_python,
	title = {Decision {Tree} {Classification} in {Python}},
	url = {https://www.datacamp.com/community/tutorials/decision-tree-classification-python},
	abstract = {In this tutorial, learn Decision Tree Classification, attribute selection measures, and how to build and optimize Decision Tree Classifier using Python Scikit-learn package.},
	urldate = {2020-01-19},
	journal = {DataCamp Community},
	month = dec,
	year = {2018},
	file = {Snapshot:/Users/jf/Zotero/storage/WPMTTKGQ/decision-tree-classification-python.html:text/html}
}


@misc{nebular,
	title = {Nebular - {Customizable} {Angular} {UI} {Library}, {Auth} and {Security}},
	url = {https://akveo.github.io/nebular/},
	urldate = {2020-02-02},
	file = {Nebular - Customizable Angular UI Library, Auth and Security:/Users/jf/Zotero/storage/KSNS829H/nebular.html:text/html}
}

@misc{echarts,
	title = {Apache {ECharts} (incubating)},
	url = {https://www.echartsjs.com/en/index.html},
	urldate = {2020-02-02},
	file = {Apache ECharts (incubating):/Users/jf/Zotero/storage/4K369JCC/index.html:text/html}
}

@misc{openlayers,
	title = {{OpenLayers} v6.1.1 {API} - {Class}: {Map}},
	url = {https://openlayers.org/en/latest/apidoc/module-ol_Map-Map.html},
	urldate = {2020-02-02},
	file = {OpenLayers v6.1.1 API - Class\: Map:/Users/jf/Zotero/storage/YB5TPX9N/module-ol_Map-Map.html:text/html}
}

@misc{seaborn,
	title = {seaborn: statistical data visualization — seaborn 0.10.0 documentation},
	url = {https://seaborn.pydata.org/},
	urldate = {2020-02-09},
	file = {seaborn\: statistical data visualization — seaborn 0.10.0 documentation:/Users/jf/Zotero/storage/W5TY7EBQ/seaborn.pydata.org.html:text/html}
}

@misc{flask,
	title = {Flask},
	url = {https://palletsprojects.com/p/flask/},
	urldate = {2020-02-09},
	journal = {Pallets},
	file = {Snapshot:/Users/jf/Zotero/storage/4FIXZUXN/flask.html:text/html}
}

@misc{keras,
	title = {Home - {Keras} {Documentation}},
	url = {https://keras.io/},
	urldate = {2020-02-09},
	file = {Home - Keras Documentation:/Users/jf/Zotero/storage/WNDT3PZ8/keras.io.html:text/html}
}


@article{adam,
	title = {Adam: {A} {Method} for {Stochastic} {Optimization}},
	shorttitle = {Adam},
	language = {en},
	urldate = {2020-02-09},
	journal = {arXiv:1412.6980 [cs]},
	author = {Kingma, Diederik P. and Ba, Jimmy},
	month = jan,
	year = {2017},
	note = {arXiv: 1412.6980},
	keywords = {Computer Science - Machine Learning},
	annote = {Comment: Published as a conference paper at the 3rd International Conference for Learning Representations, San Diego, 2015},
	file = {Kingma und Ba - 2017 - Adam A Method for Stochastic Optimization.pdf:/Users/jf/Zotero/storage/P7AMGKYL/Kingma und Ba - 2017 - Adam A Method for Stochastic Optimization.pdf:application/pdf}
}